

@article{stoltenborgh2015prevalence,
  title={The prevalence of child maltreatment across the globe: Review of a series of meta-analyses},
  author={Stoltenborgh, Marije and Bakermans-Kranenburg, Marian J and Alink, Lenneke RA and van IJzendoorn, Marinus H},
  journal={Child Abuse Review},
  volume={24},
  number={1},
  pages={37--50},
  year={2015},
  publisher={Wiley Online Library}
}

@article{kessler2010childhood,
  title={Childhood adversities and adult psychopathology in the WHO World Mental Health Surveys},
  author={Kessler, Ronald C and McLaughlin, Katie A and Green, Jennifer Greif and Gruber, Michael J and Sampson, Nancy A and Zaslavsky, Alan M and Aguilar-Gaxiola, Sergio and Alhamzawi, Ali Obaid and Alonso, Jordi and Angermeyer, Matthias and others},
  journal={The British journal of psychiatry},
  volume={197},
  number={5},
  pages={378--385},
  year={2010},
  publisher={Cambridge University Press}
}

@article{su2019does,
  title={How does childhood maltreatment influence ensuing cognitive functioning among people with the exposure of childhood maltreatment? A systematic review of prospective cohort studies},
  author={Su, Yingying and D'Arcy, Carl and Yuan, Shuai and Meng, Xiangfei},
  journal={Journal of affective disorders},
  volume={252},
  pages={278--293},
  year={2019},
  publisher={Elsevier}
}

@article{wegman2009meta,
  title={A meta-analytic review of the effects of childhood abuse on medical outcomes in adulthood},
  author={Wegman, Holly L and Stetler, Cinnamon},
  journal={Psychosomatic medicine},
  volume={71},
  number={8},
  pages={805--812},
  year={2009},
  publisher={LWW}
}

@article{nanni2012childhood,
  title={Childhood maltreatment predicts unfavorable course of illness and treatment outcome in depression: a meta-analysis},
  author={Nanni, Valentina and Uher, Rudolf and Danese, Andrea},
  journal={American Journal of Psychiatry},
  volume={169},
  number={2},
  pages={141--151},
  year={2012},
  publisher={Am Psychiatric Assoc}
}

@article{thomas2019childhood,
  title={Childhood maltreatment and treatment outcome in psychotic disorders: A systematic review and meta-analysis},
  author={Thomas, Sarah and H{\"o}fler, M and Sch{\"a}fer, Ingo and Trautmann, Sebastian},
  journal={Acta Psychiatrica Scandinavica},
  volume={140},
  number={4},
  pages={295--312},
  year={2019},
  publisher={Wiley Online Library}
}

@article{saini2019systematic,
  title={Systematic review and critical appraisal of child abuse measurement instruments},
  author={Saini, Suriati Mohamed and Hoffmann, Cassandra R and Pantelis, Christos and Everall, Ian P and Bousman, Chad A},
  journal={Psychiatry research},
  volume={272},
  pages={106--113},
  year={2019},
  publisher={Elsevier}
}

@article{georgieva2022systematic,
  title={Systematic review and critical appraisal of five of the most recurrently validated child maltreatment assessment instruments from 2010 to 2020},
  author={Georgieva, Sylvia and Tom{\'a}s, Jos{\'e} M and Navarro-P{\'e}rez, Jos{\'e} J and Samper-Garc{\'\i}a, Paula},
  journal={Trauma, Violence, \& Abuse},
  pages={15248380221097694},
  year={2022},
  publisher={SAGE Publications Sage CA: Los Angeles, CA}
}

@article{teicher2015maltreatment,
  title={The ‘Maltreatment and Abuse Chronology of Exposure’(MACE) scale for the retrospective assessment of abuse and neglect during development},
  author={Teicher, Martin H and Parigger, Angelika},
  journal={PLoS one},
  volume={10},
  number={2},
  pages={e0117423},
  year={2015},
  publisher={Public Library of Science San Francisco, CA USA}
}

@article{evans2013cumulative,
  title={Cumulative risk and child development.},
  author={Evans, Gary W and Li, Dongping and Whipple, Sara Sepanski},
  journal={Psychological bulletin},
  volume={139},
  number={6},
  pages={1342},
  year={2013},
  publisher={American Psychological Association}
}

@article{belsky2012beyond,
  title={Beyond cumulative risk: distinguishing harshness and unpredictability as determinants of parenting and early life history strategy.},
  author={Belsky, Jay and Schlomer, Gabriel L and Ellis, Bruce J},
  journal={Developmental psychology},
  volume={48},
  number={3},
  pages={662},
  year={2012},
  publisher={American Psychological Association}
}

@article{mclaughlin2016beyond,
  title={Beyond cumulative risk: A dimensional approach to childhood adversity},
  author={McLaughlin, Katie A and Sheridan, Margaret A},
  journal={Current directions in psychological science},
  volume={25},
  number={4},
  pages={239--245},
  year={2016},
  publisher={Sage Publications Sage CA: Los Angeles, CA}
}

@article{schalinski2015type,
  title={Type and timing of childhood maltreatment and severity of shutdown dissociation in patients with schizophrenia spectrum disorder},
  author={Schalinski, Inga and Teicher, Martin H},
  journal={PloS one},
  volume={10},
  number={5},
  pages={e0127151},
  year={2015},
  publisher={Public Library of Science San Francisco, CA USA}
}

@article{gerke2018childhood,
  title={Childhood maltreatment as risk factor for lifetime depression: The role of different types of experiences and sensitive periods},
  author={Gerke, Jelena and Koenig, Alexandra Maria and Conrad, Daniela and Doyen-Waldecker, Cornelia and Pauly, Markus and G{\"u}ndel, Harald and Wilker, Sarah and Kolassa, Iris-Tatjana},
  journal={Mental Health \& Prevention},
  volume={10},
  pages={56--65},
  year={2018},
  publisher={Elsevier}
}

@article{schalinski2019early,
  title={Early neglect is a key determinant of adult hair cortisol concentration and is associated with increased vulnerability to trauma in a transdiagnostic sample},
  author={Schalinski, Inga and Teicher, Martin H and Rockstroh, Brigitte},
  journal={Psychoneuroendocrinology},
  volume={108},
  pages={35--42},
  year={2019},
  publisher={Elsevier}
}

@article{mclaughlin2014childhood,
  title={Childhood adversity and neural development: deprivation and threat as distinct dimensions of early experience},
  author={McLaughlin, Katie A and Sheridan, Margaret A and Lambert, Hilary K},
  journal={Neuroscience \& Biobehavioral Reviews},
  volume={47},
  pages={578--591},
  year={2014},
  publisher={Elsevier}
}

@article{teicher2018differential,
  title={Differential effects of childhood neglect and abuse during sensitive exposure periods on male and female hippocampus},
  author={Teicher, Martin H and Anderson, Carl M and Ohashi, Kyoko and Khan, Alaptagin and McGreenery, Cynthia E and Bolger, Elizabeth A and Rohan, Michael L and Vitaliano, Gordana D},
  journal={Neuroimage},
  volume={169},
  pages={443--452},
  year={2018},
  publisher={Elsevier}
}

@article{schalinski2019environmental,
  title={Environmental adversities and psychotic symptoms: The impact of timing of trauma, abuse, and neglect},
  author={Schalinski, Inga and Breinlinger, Susanne and Hirt, Vanessa and Teicher, Martin H and Odenwald, Michael and Rockstroh, Brigitte},
  journal={Schizophrenia research},
  volume={205},
  pages={4--9},
  year={2019},
  publisher={Elsevier}
}

@article{schalinski2018defining,
  title={Defining the impact of childhood adversities on cognitive deficits in psychosis: an exploratory analysis},
  author={Schalinski, Inga and Teicher, Martin H and Carolus, Almut M and Rockstroh, Brigitte},
  journal={Schizophrenia research},
  volume={192},
  pages={351--356},
  year={2018},
  publisher={Elsevier}
}

@article{dong2004interrelatedness,
  title={The interrelatedness of multiple forms of childhood abuse, neglect, and household dysfunction},
  author={Dong, Maxia and Anda, Robert F and Felitti, Vincent J and Dube, Shanta R and Williamson, David F and Thompson, Theodore J and Loo, Clifton M and Giles, Wayne H},
  journal={Child abuse \& neglect},
  volume={28},
  number={7},
  pages={771--784},
  year={2004},
  publisher={Elsevier}
}

@article{herrenkohl2009assessing,
  title={Assessing a child’s experience of multiple maltreatment types: Some unfinished business},
  author={Herrenkohl, Roy C and Herrenkohl, Todd I},
  journal={Journal of family violence},
  volume={24},
  number={7},
  pages={485--496},
  year={2009},
  publisher={Springer}
}

@article{bornovalova2020appropriate,
  title={Appropriate use of bifactor analysis in psychopathology research: Appreciating benefits and limitations},
  author={Bornovalova, Marina A and Choate, Alexandria M and Fatimah, Haya and Petersen, Karl J and Wiernik, Brenton M},
  journal={Biological Psychiatry},
  volume={88},
  number={1},
  pages={18--27},
  year={2020},
  publisher={Elsevier}
}

@ARTICLE{Reise2012-ql,
  title    = "Invited Paper: The Rediscovery of Bifactor Measurement Models",
  author   = "Reise, Steven P",
  journal  = "Multivariate Behav. Res.",
  volume   =  47,
  number   =  5,
  pages    = "667--696",
  month    =  sep,
  year     =  2012,
  language = "en"
}

@article{reise2013scoring,
  title={Scoring and modeling psychological measures in the presence of multidimensionality},
  author={Reise, Steven P and Bonifay, Wes E and Haviland, Mark G},
  journal={Journal of personality assessment},
  volume={95},
  number={2},
  pages={129--140},
  year={2013},
  publisher={Taylor \& Francis}
}

@article{zorowitz2021inattentive,
  title={Inattentive responding can induce spurious associations between task behavior and symptom measures},
  author={Zorowitz, Samuel and Niv, Yael and Bennett, Daniel},
  year={2021},
  publisher={PsyArXiv}
}

@article{hidalgo2014binary,
  title={Binary logistic regression analysis for detecting differential item functioning: Effectiveness of {$R^2$} and delta log odds ratio effect size measures},
  author={Hidalgo, M{\textordfeminine} Dolores and G{\'o}mez-Benito, Juana and Zumbo, Bruno D},
  journal={Educational and Psychological Measurement},
  volume={74},
  number={6},
  pages={927--949},
  year={2014},
  publisher={Sage Publications Sage CA: Los Angeles, CA}
}

@article{marais2008formalizing,
  title={Formalizing dimension and response violations of local independence in the unidimensional {Rasch} model},
  author={Marais, Ida and Andrich, David},
  journal={J Appl Meas},
  volume={9},
  number={3},
  pages={200--15},
  year={2008}
}

@incollection{reise2013applying,
  author={Reise, Steven P and Moore, Tyler M and Haviland, Mark G},
  title={Applying unidimensional item response theory models to psychological data.},
  booktitle={{APA} handbook of testing and assessment in psychology, {Vol. 1. Test} theory and testing and assessment in industrial and organizational psychology},
  year={2013},
  editor = {Geisinger, K. F. and Bracken, B. A., and Carlson, J. F., and Hansen, J.-I. C. and Kuncel, N. R. and Reise, S. P., and Rodriguez, M. C.},
  publisher={American Psychological Association},
  pages={101–119}
}

@article{rodriguez2016applying,
  title={Applying bifactor statistical indices in the evaluation of psychological measures},
  author={Rodriguez, Anthony and Reise, Steven P and Haviland, Mark G},
  journal={Journal of personality assessment},
  volume={98},
  number={3},
  pages={223--237},
  year={2016},
  publisher={Taylor \& Francis}
}

@article{reise2013multidimensionality,
  title={Multidimensionality and structural coefficient bias in structural equation modeling: A bifactor perspective},
  author={Reise, Steven P and Scheines, Richard and Widaman, Keith F and Haviland, Mark G},
  journal={Educational and Psychological Measurement},
  volume={73},
  number={1},
  pages={5--26},
  year={2013},
  publisher={Sage Publications Sage CA: Los Angeles, CA}
}

@article{muthen1987structural,
  title={On structural equation modeling with data that are not missing completely at random},
  author={Muth{\'e}n, Bengt and Kaplan, David and Hollis, Michael},
  journal={Psychometrika},
  volume={52},
  number={3},
  pages={431--462},
  year={1987},
  publisher={Springer}
}

@incollection{samejima1997graded,
  title={Graded response model},
  author={Samejima, Fumiko},
  booktitle={Handbook of modern item response theory},
  pages={85--100},
  year={1997},
  publisher={Springer}
}

@article{eid2017anomalous,
  title={Anomalous results in G-factor models: Explanations and alternatives.},
  author={Eid, Michael and Geiser, Christian and Koch, Tobias and Heene, Moritz},
  journal={Psychological methods},
  volume={22},
  number={3},
  pages={541},
  year={2017},
  publisher={American Psychological Association}
}

@article{carpenter2017stan,
  title={Stan: A probabilistic programming language},
  author={Carpenter, Bob and Gelman, Andrew and Hoffman, Matthew D and Lee, Daniel and Goodrich, Ben and Betancourt, Michael and Brubaker, Marcus and Guo, Jiqiang and Li, Peter and Riddell, Allen},
  journal={Journal of statistical software},
  volume={76},
  number={1},
  pages={1--32},
  year={2017}
}

@article{browne1992alternative,
  title={Alternative ways of assessing model fit},
  author={Browne, Michael W and Cudeck, Robert},
  journal={Sociological methods \& research},
  volume={21},
  number={2},
  pages={230--258},
  year={1992},
  publisher={SAGE PERIODICALS PRESS}
}

@article{cai2013limited,
  title={Limited-information goodness-of-fit testing of hierarchical item factor models},
  author={Cai, Li and Hansen, Mark},
  journal={British Journal of Mathematical and Statistical Psychology},
  volume={66},
  number={2},
  pages={245--276},
  year={2013},
  publisher={Wiley Online Library}
}

@article{hu1999cutoff,
  title={Cutoff criteria for fit indexes in covariance structure analysis: Conventional criteria versus new alternatives},
  author={Hu, Li-tze and Bentler, Peter M},
  journal={Structural equation modeling: a multidisciplinary journal},
  volume={6},
  number={1},
  pages={1--55},
  year={1999},
  publisher={Taylor \& Francis}
}

@incollection{reise2014evaluating,
  title={Evaluating the impact of multidimensionality on unidimensional item response theory model parameters},
  author={Reise, Steven P and Cook, Karon F and Moore, Tyler M},
  booktitle={Handbook of item response theory modeling},
  pages={31--58},
  year={2014},
  publisher={Routledge}
}

@article{sinharay2006posterior,
  title={Posterior predictive assessment of item response theory models},
  author={Sinharay, Sandip and Johnson, Matthew S and Stern, Hal S},
  journal={Applied Psychological Measurement},
  volume={30},
  number={4},
  pages={298--321},
  year={2006},
  publisher={Sage Publications Sage CA: Thousand Oaks, CA}
}

@article{yen1984effects,
  title={Effects of local item dependence on the fit and equating performance of the three-parameter logistic model},
  author={Yen, Wendy M},
  journal={Applied Psychological Measurement},
  volume={8},
  number={2},
  pages={125--145},
  year={1984},
  publisher={Sage Publications Sage CA: Thousand Oaks, CA}
}

@article{christensen2017critical,
  title={Critical values for {Yen’s Q3}: Identification of local dependence in the Rasch model using residual correlations},
  author={Christensen, Karl Bang and Makransky, Guido and Horton, Mike},
  journal={Applied psychological measurement},
  volume={41},
  number={3},
  pages={178--194},
  year={2017},
  publisher={Sage Publications Sage CA: Los Angeles, CA}
}

@article{edwards2018diagnostic,
  title={A diagnostic procedure to detect departures from local independence in item response theory models.},
  author={Edwards, Michael C and Houts, Carrie R and Cai, Li},
  journal={Psychological Methods},
  volume={23},
  number={1},
  pages={138},
  year={2018},
  publisher={American Psychological Association}
}

@article{vehtari2017practical,
  title={Practical Bayesian model evaluation using leave-one-out cross-validation and WAIC},
  author={Vehtari, Aki and Gelman, Andrew and Gabry, Jonah},
  journal={Statistics and computing},
  volume={27},
  number={5},
  pages={1413--1432},
  year={2017},
  publisher={Springer}
}

@online{vehtari2022cv,
  author = "Aki Vehtari",
  title = "Cross-validation FAQ",
  year="2022",
  url  = "https://avehtari.github.io/modelselection/CV-FAQ.html",
  addendum = "(accessed: 03.16.2022)",
}

@article{canivez2016bifactor,
  title={Bifactor modeling in construct validation of multifactored tests: Implications for understanding multidimensional constructs and test interpretation},
  author={Canivez, Gary L},
  journal={Principles and methods of test construction: Standards and recent advancements. Gottingen, Germany: Hogrefe Publishers},
  year={2016}
}

@article{arango2021risk,
  title={Risk and protective factors for mental disorders beyond genetics: an evidence-based atlas},
  author={Arango, Celso and Dragioti, Elena and Solmi, Marco and Cortese, Samuele and Domschke, Katharina and Murray, Robin M and Jones, Peter B and Uher, Rudolf and Carvalho, Andre F and Reichenberg, Abraham and others},
  journal={World Psychiatry},
  volume={20},
  number={3},
  pages={417--436},
  year={2021},
  publisher={Wiley Online Library}
}

@article{mckay2021childhood,
  title={Childhood trauma and adult mental disorder: A systematic review and meta-analysis of longitudinal cohort studies},
  author={McKay, Michael T and Cannon, Mary and Chambers, Derek and Conroy, Ron{\'a}n M and Coughlan, Helen and Dodd, Philip and Healy, Colm and O’Donnell, Laurie and Clarke, Mary C},
  journal={Acta Psychiatrica Scandinavica},
  volume={143},
  number={3},
  pages={189--205},
  year={2021},
  publisher={Wiley Online Library}
}

@article{felitti1998relationship,
  title={Relationship of childhood abuse and household dysfunction to many of the leading causes of death in adults: The Adverse Childhood Experiences (ACE) Study},
  author={Felitti, Vincent J and Anda, Robert F and Nordenberg, Dale and Williamson, David F and Spitz, Alison M and Edwards, Valerie and Marks, James S},
  journal={American journal of preventive medicine},
  volume={14},
  number={4},
  pages={245--258},
  year={1998},
  publisher={Elsevier}
}

@article{teicher2021recognizing,
  title={Recognizing the importance of childhood maltreatment as a critical factor in psychiatric diagnoses, treatment, research, prevention, and education},
  author={Teicher, Martin H and Gordon, Jeoffry B and Nemeroff, Charles B},
  journal={Molecular psychiatry},
  pages={1--8},
  year={2021},
  publisher={Nature Publishing Group}
}

article{teicher2015maltreatment,
  title={The ‘Maltreatment and Abuse Chronology of Exposure’(MACE) scale for the retrospective assessment of abuse and neglect during development},
  author={Teicher, Martin H and Parigger, Angelika},
  journal={PLoS one},
  volume={10},
  number={2},
  pages={e0117423},
  year={2015},
  publisher={Public Library of Science San Francisco, CA USA}
}

@article{hailes2019long,
  title={Long-term outcomes of childhood sexual abuse: an umbrella review},
  author={Hailes, Helen P and Yu, Rongqin and Danese, Andrea and Fazel, Seena},
  journal={The Lancet Psychiatry},
  volume={6},
  number={10},
  pages={830--839},
  year={2019},
  publisher={Elsevier}
}

@article{heim2013decreased,
  title={Decreased cortical representation of genital somatosensory field after childhood sexual abuse},
  author={Heim, Christine M and Mayberg, Helen S and Mletzko, Tanja and Nemeroff, Charles B and Pruessner, Jens C},
  journal={American Journal of Psychiatry},
  volume={170},
  number={6},
  pages={616--623},
  year={2013},
  publisher={Am Psychiatric Assoc}
}

@article{abajobir2017gender,
  title={Gender differences in the association between childhood sexual abuse and risky sexual behaviours: A systematic review and meta-analysis},
  author={Abajobir, Amanuel Alemu and Kisely, Steve and Maravilla, Joemer Calderon and Williams, Gail and Najman, Jake Moses},
  journal={Child abuse \& neglect},
  volume={63},
  pages={249--260},
  year={2017},
  publisher={Elsevier}
}

@article{varese2012childhood,
  title={Childhood adversities increase the risk of psychosis: a meta-analysis of patient-control, prospective-and cross-sectional cohort studies},
  author={Varese, Filippo and Smeets, Feikje and Drukker, Marjan and Lieverse, Ritsaert and Lataster, Tineke and Viechtbauer, Wolfgang and Read, John and Van Os, Jim and Bentall, Richard P},
  journal={Schizophrenia bulletin},
  volume={38},
  number={4},
  pages={661--671},
  year={2012},
  publisher={Oxford University Press}
}

@article{nelson2017childhood,
  title={Childhood maltreatment and characteristics of adult depression: meta-analysis},
  author={Nelson, Janna and Klumparendt, Anne and Doebler, Philipp and Ehring, Thomas},
  journal={The British Journal of Psychiatry},
  volume={210},
  number={2},
  pages={96--104},
  year={2017},
  publisher={Cambridge University Press}
}

@article{meinck2021factor,
  title={Factor structure and internal consistency of the ISPCAN Child Abuse Screening Tool Parent Version (ICAST-P) in a cross-country pooled data set in nine Balkan countries},
  author={Meinck, Franziska and Murray, Aja L and Dunne, Michael P and Schmidt, Peter and Nikolaidis, George and others},
  journal={Child Abuse \& Neglect},
  volume={115},
  pages={105007},
  year={2021},
  publisher={Elsevier}
}

@article{dobson2021latent,
  title={A latent profile analysis of adverse childhood experiences and adult health in a community sample},
  author={Dobson, Keith S and McLarnon, Matthew JW and Pandya, Khanjan and Pusch, Dennis},
  journal={Child Abuse \& Neglect},
  volume={114},
  pages={104927},
  year={2021},
  publisher={Elsevier}
}

@article{hancock2001rethinking,
  title={Rethinking construct reliability within latent variable systems},
  author={Hancock, Gregory R and Mueller, Ralph O},
  journal={Structural equation modeling: Present and future},
  volume={195},
  pages={216},
  year={2001},
  publisher={Lincolnwood}
}

@article{mcdonald1999test,
  title={Test theory: A unified approach},
  author={McDonald, Roderick P},
  year={1999},
  publisher={Mahwah, NJ: Erlbaum}
}

@article{gignac2013bifactor,
  title={Bifactor modeling and the estimation of model-based reliability in the WAIS-IV},
  author={Gignac, Gilles E and Watkins, Marley W},
  journal={Multivariate Behavioral Research},
  volume={48},
  number={5},
  pages={639--662},
  year={2013},
  publisher={Taylor \& Francis}
}

@article{sijtsma2009use,
  title={On the use, the misuse, and the very limited usefulness of Cronbach’s alpha},
  author={Sijtsma, Klaas},
  journal={Psychometrika},
  volume={74},
  number={1},
  pages={107--120},
  year={2009},
  publisher={Springer}
}

@Article{lavaan,
    title = {{lavaan}: An {R} Package for Structural Equation
      Modeling},
    author = {Yves Rosseel},
    journal = {Journal of Statistical Software},
    year = {2012},
    volume = {48},
    number = {2},
    pages = {1--36},
    doi = {10.18637/jss.v048.i02},
}

@book{yates1987multivariate,
  title={Multivariate exploratory data analysis: A perspective on exploratory factor analysis},
  author={Yates, Allen},
  year={1987},
  publisher={Suny Press}
}

@article{crawford1970general,
  title={A general rotation criterion and its use in orthogonal rotation},
  author={Crawford, Charles B and Ferguson, George A},
  journal={Psychometrika},
  volume={35},
  number={3},
  pages={321--332},
  year={1970},
  publisher={Springer}
}

@article{gregorutti2017correlation,
  title={Correlation and variable importance in random forests},
  author={Gregorutti, Baptiste and Michel, Bertrand and Saint-Pierre, Philippe},
  journal={Statistics and Computing},
  volume={27},
  number={3},
  pages={659--678},
  year={2017},
  publisher={Springer}
}

@book{baker2017basics,
  title={The basics of item response theory using {R}},
  author={Baker, Frank B and Kim, Seock-Ho},
  year={2017},
  publisher={Springer},
  chapter={2}
}

@article{bernstein1998childhood,
  title={Childhood trauma questionnaire},
  author={Bernstein, David P and Fink, Laura and Handelsman, Leonard and Foote, Jeffrey},
  journal={Assessment of family violence: A handbook for researchers and practitioners.},
  year={1998}
}

@article{mcgee1995measurement,
  title={The measurement of maltreatment: A comparison of approaches},
  author={McGee, Robin A and Wolfe, David A and Yuen, Sandra A and Wilson, Susan K and Carnochan, Jean},
  journal={Child abuse \& neglect},
  volume={19},
  number={2},
  pages={233--249},
  year={1995},
  publisher={Elsevier}
}

@article{spinhoven2014childhood,
  title={Childhood Trauma Questionnaire: factor structure, measurement invariance, and validity across emotional disorders.},
  author={Spinhoven, Philip and Penninx, Brenda W and Hickendorff, Marian and van Hemert, Albert M and Bernstein, David P and Elzinga, Bernet M},
  journal={Psychological assessment},
  volume={26},
  number={3},
  pages={717},
  year={2014},
  publisher={American Psychological Association}
}

@article{hollerbach2018main,
  title={Main and interaction effects of childhood trauma and the MAOA uVNTR polymorphism on psychopathy},
  author={Hollerbach, Pia and Johansson, Ada and Ventus, Daniel and Jern, Patrick and Neumann, Craig S and Westberg, Lars and Santtila, Pekka and Habermeyer, Elmar and Mokros, Andreas},
  journal={Psychoneuroendocrinology},
  volume={95},
  pages={106--112},
  year={2018},
  publisher={Elsevier}
}

@article{stagaki2022mediating,
  title={The mediating role of attachment and mentalising in the relationship between childhood maltreatment, self-harm and suicidality},
  author={Stagaki, Maria and Nolte, Tobias and Feigenbaum, Janet and King-Casas, Brooks and Lohrenz, Terry and Fonagy, Peter and Montague, P Read and Personality and Mood Disorder Research Consortium and others},
  journal={Child Abuse \& Neglect},
  volume={128},
  pages={105576},
  year={2022},
  publisher={Elsevier}
}

@article{magnus2021symptom,
  title={Symptom Presence and Symptom Severity as Unique Indicators of Psychopathology: An Application of Multidimensional Zero-Inflated and Hurdle Graded Response Models},
  author={Magnus, Brooke E and Liu, Yang},
  journal={Educational and Psychological Measurement},
  pages={00131644211061820},
  year={2021},
  publisher={SAGE Publications Sage CA: Los Angeles, CA}
}

@book{embretson2013item,
  title={Item response theory},
  author={Embretson, Susan E and Reise, Steven P},
  year={2013},
  publisher={Psychology Press}
}

@article{weijters2013reversed,
  title={Reversed item bias: an integrative model.},
  author={Weijters, Bert and Baumgartner, Hans and Schillewaert, Niels},
  journal={Psychological methods},
  volume={18},
  number={3},
  pages={320},
  year={2013},
  publisher={American Psychological Association}
}

@article{zhang2007bayesian,
  title={Bayesian estimation of categorical dynamic factor models},
  author={Zhang, Zhiyong and Nesselroade, John R},
  journal={Multivariate Behavioral Research},
  volume={42},
  number={4},
  pages={729--756},
  year={2007},
  publisher={Taylor \& Francis}
}

@article{thombs2007evaluation,
  title={An evaluation of the measurement equivalence of the Childhood Trauma Questionnaire—Short Form across gender and race in a sample of drug-abusing adults},
  author={Thombs, Brett D and Lewis, Charles and Bernstein, David P and Medrano, Martha A and Hatch, John P},
  journal={Journal of psychosomatic research},
  volume={63},
  number={4},
  pages={391--398},
  year={2007},
  publisher={Elsevier}
}

@article{rodriguez2019identification,
  title={Identification of differential item functioning by race and ethnicity in the Childhood Trauma Questionnaire},
  author={Rodriguez, Violeta J and Shaffer, Anne and Are, Funlola and Madden, Amber and Jones, Deborah L and Kumar, Mahendra},
  journal={Child abuse \& neglect},
  volume={94},
  pages={104030},
  year={2019},
  publisher={Elsevier}
}

@article{llerena2013motivation,
  title={The Motivation and Pleasure Scale--Self-Report (MAP-SR): Reliability and validity of a self-report measure of negative symptoms},
  author={Llerena, Katiah and Park, Stephanie G and McCarthy, Julie M and Couture, Shannon M and Bennett, Melanie E and Blanchard, Jack J},
  journal={Comprehensive psychiatry},
  volume={54},
  number={5},
  pages={568--574},
  year={2013},
  publisher={Elsevier}
}

@article{dollfus2016self,
  title={Self-evaluation of negative symptoms: a novel tool to assess negative symptoms},
  author={Dollfus, Sonia and Mach, Cyril and Morello, R{\'e}my},
  journal={Schizophrenia Bulletin},
  volume={42},
  number={3},
  pages={571--578},
  year={2016},
  publisher={Oxford University Press US}
}

@article{pagliaccio2016revising,
  title={Revising the {BIS/BAS} Scale to study development: Measurement invariance and normative effects of age and sex from childhood through adulthood.},
  author={Pagliaccio, David and Luking, Katherine R and Anokhin, Andrey P and Gotlib, Ian H and Hayden, Elizabeth P and Olino, Thomas M and Peng, Chun-Zi and Hajcak, Greg and Barch, Deanna M},
  journal={Psychological assessment},
  volume={28},
  number={4},
  pages={429},
  year={2016},
  publisher={American Psychological Association}
}

@article{belsky1993etiology,
  title={Etiology of child maltreatment: A developmental ecological analysis.},
  author={Belsky, Jay},
  journal={Psychological bulletin},
  volume={114},
  number={3},
  pages={413},
  year={1993},
  publisher={American Psychological Association}
}

@article{stith2009risk,
  title={Risk factors in child maltreatment: A meta-analytic review of the literature},
  author={Stith, Sandra M and Liu, Ting and Davies, L Christopher and Boykin, Esther L and Alder, Meagan C and Harris, Jennifer M and Som, Anurag and McPherson, Mary and Dees, JEMEG},
  journal={Aggression and violent behavior},
  volume={14},
  number={1},
  pages={13--29},
  year={2009},
  publisher={Elsevier}
}

@article{mulder2018risk,
  title={Risk factors for child neglect: A meta-analytic review},
  author={Mulder, Tim M and Kuiper, Kimberly C and van der Put, Claudia E and Stams, Geert-Jan JM and Assink, Mark},
  journal={Child abuse \& neglect},
  volume={77},
  pages={198--210},
  year={2018},
  publisher={Elsevier}
}

@article{assink2019risk,
  title={Risk factors for child sexual abuse victimization: A meta-analytic review.},
  author={Assink, Mark and van der Put, Claudia E and Meeuwsen, Mandy WCM and de Jong, Nynke M and Oort, Frans J and Stams, Geert Jan JM and Hoeve, Machteld},
  journal={Psychological bulletin},
  volume={145},
  number={5},
  pages={459},
  year={2019},
  publisher={American Psychological Association}
}

@article{reuben2016lest,
  title={Lest we forget: comparing retrospective and prospective assessments of adverse childhood experiences in the prediction of adult health},
  author={Reuben, Aaron and Moffitt, Terrie E and Caspi, Avshalom and Belsky, Daniel W and Harrington, Honalee and Schroeder, Felix and Hogan, Sean and Ramrakha, Sandhya and Poulton, Richie and Danese, Andrea},
  journal={Journal of Child Psychology and Psychiatry},
  volume={57},
  number={10},
  pages={1103--1112},
  year={2016},
  publisher={Wiley Online Library}
}

@article{susser2012still,
  title={Still searching for lost truths about the bitter sorrows of childhood},
  author={Susser, Ezra and Widom, Cathy S},
  journal={Schizophrenia bulletin},
  volume={38},
  number={4},
  pages={672--675},
  year={2012},
  publisher={Oxford University Press US}
}

@article{colman2016consistency,
  title={Consistency in adult reporting of adverse childhood experiences},
  author={Colman, Ian and Kingsbury, Mila and Garad, Y and Zeng, Yiye and Naicker, Kiyuri and Patten, Scott and Jones, Peter B and Wild, T Cameron and Thompson, Angus H},
  journal={Psychological medicine},
  volume={46},
  number={3},
  pages={543--549},
  year={2016},
  publisher={Cambridge University Press}
}

@article{patten2015retrospective,
  title={Retrospective and prospectively assessed childhood adversity in association with major depression, alcohol consumption and painful conditions},
  author={Patten, SB and Wilkes, TCR and Williams, JVA and Lavorato, DH and El-Guebaly, N and Schopflocher, D and Wild, C and Colman, I and Bulloch, AGM},
  journal={Epidemiology and Psychiatric Sciences},
  volume={24},
  number={2},
  pages={158--165},
  year={2015},
  publisher={Cambridge University Press}
}

@article{bolger2001developmental,
  title={Developmental pathways from child maltreatment to peer rejection},
  author={Bolger, Kerry E and Patterson, Charlotte J},
  journal={Child development},
  volume={72},
  number={2},
  pages={549--568},
  year={2001},
  publisher={Wiley Online Library}
}

@article{benedini2016cycle,
  title={The cycle of victimization: The relationship between childhood maltreatment and adolescent peer victimization},
  author={Benedini, Kristen M and Fagan, Abigail A and Gibson, Chris L},
  journal={Child Abuse \& Neglect},
  volume={59},
  pages={111--121},
  year={2016},
  publisher={Elsevier}
}

@article{lereya2013parenting,
  title={Parenting behavior and the risk of becoming a victim and a bully/victim: A meta-analysis study},
  author={Lereya, Suzet Tanya and Samara, Muthanna and Wolke, Dieter},
  journal={Child abuse \& neglect},
  volume={37},
  number={12},
  pages={1091--1108},
  year={2013},
  publisher={Elsevier}
}

@article{bollen1991conventional,
  title={Conventional wisdom on measurement: A structural equation perspective.},
  author={Bollen, Kenneth and Lennox, Richard},
  journal={Psychological bulletin},
  volume={110},
  number={2},
  pages={305},
  year={1991},
  publisher={American Psychological Association}
}

@article{bollen2011three,
  title={Three {Cs} in measurement models: causal indicators, composite indicators, and covariates.},
  author={Bollen, Kenneth A and Bauldry, Shawn},
  journal={Psychological methods},
  volume={16},
  number={3},
  pages={265},
  year={2011},
  publisher={American Psychological Association}
}

@article{netland2001assessment,
  title={Assessment of exposure to political violence and other potentially traumatizing events. A critical review},
  author={Netland, Marit},
  journal={Journal of Traumatic Stress},
  volume={14},
  number={2},
  pages={311--326},
  year={2001},
  publisher={Springer}
}

@article{layne2010unpacking,
  title={Unpacking trauma exposure risk factors and differential pathways of influence: predicting postwar mental distress in Bosnian adolescents},
  author={Layne, Christopher M and Olsen, Joseph A and Baker, Aaron and Legerski, John-Paul and Isakson, Brian and Pa{\v{s}}ali{\'c}, Alma and Durakovi{\'c}-Belko, Elvira and {\DJ}apo, Nermin and {\'C}ampara, Nihada and Arslanagi{\'c}, Berina and others},
  journal={Child development},
  volume={81},
  number={4},
  pages={1053--1076},
  year={2010},
  publisher={Wiley Online Library}
}

@article{goemans2021child,
  title={Child maltreatment, peer victimization, and mental health: neurocognitive perspectives on the cycle of victimization},
  author={Goemans, Anouk and Viding, Essi and McCrory, Eamon},
  journal={Trauma, Violence, \& Abuse},
  pages={15248380211036393},
  year={2021},
  publisher={SAGE Publications Sage CA: Los Angeles, CA}
}

@ARTICLE{McCrory2022-cj,
  title    = "Social thinning and stress generation after childhood
              maltreatment: a neurocognitive social transactional model of
              psychiatric vulnerability",
  author   = "McCrory, Eamon and Foulkes, Lucy and Viding, Essi",
  journal  = "Lancet Psychiatry",
  month    =  aug,
  year     =  2022,
  language = "en"
}

@article{radford2013prevalence,
  title={The prevalence and impact of child maltreatment and other types of victimization in the UK: Findings from a population survey of caregivers, children and young people and young adults},
  author={Radford, Lorraine and Corral, Susana and Bradley, Christine and Fisher, Helen L},
  journal={Child abuse \& neglect},
  volume={37},
  number={10},
  pages={801--813},
  year={2013},
  publisher={Elsevier}
}